<?xml version="1.0" encoding="UTF-8"?>
<record xmlns="http://www.loc.gov/MARC21/slim" xmlns:xsi="http://www.w3.org/2001/XMLSchema-instance" xsi:schemaLocation="http://www.loc.gov/MARC21/slim http://www.loc.gov/standards/marcxml/schema/MARC21slim.xsd">
<leader>     nam a2200313 a 4500</leader>
<controlfield tag="001">001467786</controlfield>
<controlfield tag="003">NNU</controlfield>
<controlfield tag="005">20061010173001.0</controlfield>
<controlfield tag="008">981022s1902    ua       b    000 0 arar</controlfield>
<datafield tag="010" ind1=" " ind2=" ">
<subfield code="a">60024021</subfield>
</datafield>
<datafield tag="035" ind1="9" ind2=" ">
<subfield code="a">NYUb11909778</subfield>
</datafield>
<datafield tag="035" ind1=" " ind2=" ">
<subfield code="a">(CStRLIN)NYUG98-B3042</subfield>
</datafield>
<datafield tag="040" ind1=" " ind2=" ">
<subfield code="c">PSt</subfield>
<subfield code="d">NNU</subfield>
</datafield>
<datafield tag="050" ind1="0" ind2="0">
<subfield code="a">Z844.D3</subfield>
<subfield code="b">Z3</subfield>
</datafield>
<datafield tag="066" ind1=" " ind2=" ">
<subfield code="c">(3</subfield>
</datafield>
<datafield tag="090" ind1=" " ind2=" ">
<subfield code="a">Z844.D3</subfield>
<subfield code="b">Z3</subfield>
</datafield>
<datafield tag="100" ind1="1" ind2=" ">
<subfield code="6">880-01</subfield>
<subfield code="a">Zayyāt, Ḥabīb,</subfield>
<subfield code="d">1871-1954.</subfield>
</datafield>
<datafield tag="245" ind1="1" ind2="0">
<subfield code="6">880-02</subfield>
<subfield code="a">Khazāʻin al-kutub fī Dimashq wa-ḍawāḥihā /</subfield>
<subfield code="c">bi-qalam Ḥabīb al-Zayyāt.</subfield>
</datafield>
<datafield tag="260" ind1=" " ind2=" ">
<subfield code="6">880-03</subfield>
<subfield code="a">Miṣr :</subfield>
<subfield code="b">Maṭbaʻat al-Maʻārif,</subfield>
<subfield code="c">1902.</subfield>
</datafield>
<datafield tag="300" ind1=" " ind2=" ">
<subfield code="a">6, 246 p. ;</subfield>
<subfield code="c">25 cm.</subfield>
</datafield>
<datafield tag="504" ind1=" " ind2=" ">
<subfield code="a">Bibliographical footnotes.</subfield>
</datafield>
<datafield tag="505" ind1="0" ind2=" ">
<subfield code="a">Khazāʼin al-kutub fī Dimashq -- Ṣaydnāyā wa-Maktabat Dayr al-Shāghūr -- Maʻlūlā wa-lahjatuhā al-Suriyānīyah -- Bayrūt wa-maktabat al-Maṭran Ghrīghūriyūs ʻAṭṭā</subfield>
</datafield>
<datafield tag="651" ind1=" " ind2="0">
<subfield code="a">Damascus (Syria)</subfield>
<subfield code="x">Libraries.</subfield>
</datafield>
<datafield tag="651" ind1=" " ind2="0">
<subfield code="a">Ṣaydnāyā (Syria)</subfield>
<subfield code="x">Libraries.</subfield>
</datafield>
<datafield tag="651" ind1=" " ind2="0">
<subfield code="a">Maʻlūlā (Syria)</subfield>
<subfield code="x">Libraries.</subfield>
</datafield>
<datafield tag="651" ind1=" " ind2="0">
<subfield code="a">Beirut (Lebanon)</subfield>
<subfield code="x">Libraries.</subfield>
</datafield>
<datafield tag="880" ind1="1" ind2=" ">
<subfield code="6">100-01/</subfield>
<subfield code="a">زيات، حبيب.</subfield>
</datafield>
<datafield tag="880" ind1="1" ind2="0">
<subfield code="6">245-02/</subfield>
<subfield code="a">خزائن الكتب في دمشق وضواحيها /</subfield>
<subfield code="c">بقلم حبيب الزيات.</subfield>
</datafield>
<datafield tag="880" ind1=" " ind2=" ">
<subfield code="6">260-03/</subfield>
<subfield code="a">مصر :</subfield>
<subfield code="b">مطبعة المعارف،</subfield>
<subfield code="c">١٩٠٢.</subfield>
</datafield>
<datafield tag="OWN" ind1=" " ind2=" ">
<subfield code="a">GENERAL</subfield>
</datafield>
<datafield tag="998" ind1=" " ind2=" ">
<subfield code="a">19981022</subfield>
<subfield code="d">19981022</subfield>
<subfield code="d">19981022</subfield>
<subfield code="n">NNU</subfield>
<subfield code="s">1</subfield>
<subfield code="t">c</subfield>
<subfield code="z">p</subfield>
</datafield>
<datafield tag="AVA" ind1=" " ind2=" ">
<subfield code="a">NYU50</subfield>
<subfield code="b">BOBST</subfield>
<subfield code="c">Main Collection</subfield>
<subfield code="d">Z844.D3 Z3</subfield>
<subfield code="e">unavailable</subfield>
<subfield code="t">Unavailable</subfield>
<subfield code="f">1</subfield>
<subfield code="g">1</subfield>
<subfield code="h">N</subfield>
<subfield code="i">0</subfield>
<subfield code="j">MAIN</subfield>
<subfield code="k">0</subfield>
</datafield>
</record>
